<?xml version="1.0" encoding="UTF-8"?>
<marcx:record format="danMARC2" type="Bibliographic" xmlns:marcx="info:lc/xmlns/marcxchange-v1">
      <marcx:leader>00000n    2200000   4500</marcx:leader>
      <marcx:datafield tag="001" ind1="0" ind2="0">
        <marcx:subfield code="a">5 098 678 0</marcx:subfield>
        <marcx:subfield code="b">777777</marcx:subfield>
        <marcx:subfield code="c">20140228112226</marcx:subfield>
        <marcx:subfield code="d">20140228</marcx:subfield>
        <marcx:subfield code="f">a</marcx:subfield>
      </marcx:datafield>
      <marcx:datafield tag="004" ind1="0" ind2="0">
        <marcx:subfield code="r">n</marcx:subfield>
        <marcx:subfield code="a">e</marcx:subfield>
      </marcx:datafield>
      <marcx:datafield tag="008" ind1="0" ind2="0">
        <marcx:subfield code="t">m</marcx:subfield>
        <marcx:subfield code="u">f</marcx:subfield>
        <marcx:subfield code="a">2013</marcx:subfield>
        <marcx:subfield code="b">dk</marcx:subfield>
        <marcx:subfield code="d">å</marcx:subfield>
        <marcx:subfield code="d">y</marcx:subfield>
        <marcx:subfield code="l">eng</marcx:subfield>
        <marcx:subfield code="n">a</marcx:subfield>
        <marcx:subfield code="x">04</marcx:subfield>
        <marcx:subfield code="x">06</marcx:subfield>
        <marcx:subfield code="v">5</marcx:subfield>
        <marcx:subfield code="w">1</marcx:subfield>
      </marcx:datafield>
      <marcx:datafield tag="009" ind1="0" ind2="0">
        <marcx:subfield code="a">a</marcx:subfield>
        <marcx:subfield code="g">xe</marcx:subfield>
      </marcx:datafield>
      <marcx:datafield tag="032" ind1="0" ind2="0">
        <marcx:subfield code="x">ACC201409</marcx:subfield>
        <marcx:subfield code="a">DBF201411</marcx:subfield>
      </marcx:datafield>
      <marcx:datafield tag="245" ind1="0" ind2="0">
        <marcx:subfield code="a">Come on in</marcx:subfield>
        <marcx:subfield code="c">on accessibility to buildings</marcx:subfield>
      </marcx:datafield>
      <marcx:datafield tag="260" ind1="0" ind2="0">
        <marcx:subfield code="b">Danish Institute for Human Rights</marcx:subfield>
        <marcx:subfield code="c">2013</marcx:subfield>
      </marcx:datafield>
      <marcx:datafield tag="300" ind1="0" ind2="0">
        <marcx:subfield code="a">30 sider</marcx:subfield>
        <marcx:subfield code="b">ill. i farver</marcx:subfield>
      </marcx:datafield>
      <marcx:datafield tag="512" ind1="0" ind2="0">
        <marcx:subfield code="a">Beskrivelsen baseret på det fysiske forlæg</marcx:subfield>
      </marcx:datafield>
      <marcx:datafield tag="652" ind1="0" ind2="0">
        <marcx:subfield code="m">38.7</marcx:subfield>
      </marcx:datafield>
      <marcx:datafield tag="700" ind1="0" ind2="0">
        <marcx:subfield code="4">aut</marcx:subfield>
        <marcx:subfield code="4">edt</marcx:subfield>
        <marcx:subfield code="0"/>
        <marcx:subfield code="a">Stensgêd Sørensen</marcx:subfield>
        <marcx:subfield code="h">Signe</marcx:subfield>
        <marcx:subfield code="å">1</marcx:subfield>
      </marcx:datafield>
      <marcx:datafield tag="700" ind1="0" ind2="0">
        <marcx:subfield code="4">aut</marcx:subfield>
        <marcx:subfield code="0"/>
        <marcx:subfield code="a">Justesen</marcx:subfield>
        <marcx:subfield code="h">Pia</marcx:subfield>
      </marcx:datafield>
      <marcx:datafield tag="710" ind1="0" ind2="0">
        <marcx:subfield code="å">1</marcx:subfield>
        <marcx:subfield code="a">Institut for Menneskerettigheder</marcx:subfield>
      </marcx:datafield>
      <marcx:datafield tag="720" ind1="0" ind2="0">
        <marcx:subfield code="o">Susanne Nour Magnusson</marcx:subfield>
        <marcx:subfield code="4">edt</marcx:subfield>
      </marcx:datafield>
      <marcx:datafield tag="720" ind1="0" ind2="0">
        <marcx:subfield code="o">Hanne Louise Nielsen</marcx:subfield>
        <marcx:subfield code="4">ill</marcx:subfield>
      </marcx:datafield>
      <marcx:datafield tag="856" ind1="0" ind2="0">
        <marcx:subfield code="z">Adgangsmåde: Internet</marcx:subfield>
        <marcx:subfield code="u">http://www.equineteurope.org/IMG/pdf/comeonin.pdf</marcx:subfield>
        <marcx:subfield code="y">PDF-format</marcx:subfield>
      </marcx:datafield>
      <marcx:datafield tag="910" ind1="0" ind2="0">
        <marcx:subfield code="a">IMR</marcx:subfield>
        <marcx:subfield code="z">710/1</marcx:subfield>
      </marcx:datafield>
      <marcx:datafield tag="910" ind1="0" ind2="0">
        <marcx:subfield code="a">Danish Institute for Human Rights</marcx:subfield>
        <marcx:subfield code="z">710/1</marcx:subfield>
      </marcx:datafield>
      <marcx:datafield tag="910" ind1="0" ind2="0">
        <marcx:subfield code="a">DIHR</marcx:subfield>
        <marcx:subfield code="z">710/1</marcx:subfield>
      </marcx:datafield>
      <marcx:datafield tag="900" ind1="0" ind2="0">
        <marcx:subfield code="0"/>
        <marcx:subfield code="a">Sørensen</marcx:subfield>
        <marcx:subfield code="h">Signe Steensgêd</marcx:subfield>
        <marcx:subfield code="z">700/1</marcx:subfield>
      </marcx:datafield>
    </marcx:record>
